@article{lee-art-som,
    author = "Sang-Geol Lee and Eui-Young Cha",
    title = "Style classification and visualization of art paintingâ€™s genre
        using self-organizing maps",
    journal = "Human-centric Computing and Information Sciences",
    year = 2016,
    volume = 6,
    doi = "10.1186/s13673-016-0063-4",
}
